@Manual{Rsoftware,
  title = {R: A Language and Environment for Statistical Computing},
  author = {{R Core Team}},
  organization = {R Foundation for Statistical Computing},
  address = {Vienna, Austria},
  year = 2014,
  url = {http://www.R-project.org}
}

@Manual{CGHub,
  title = {CGHub User Guide, Release 4.2.1},
  author = {},
  organization = {University of California, Santa Cruz},
  address = {Santa Cruz, California},
  year = 2014,
  url = {https://cghub.ucsc.edu}
}

@ONLINE{picard,
  author = {alecw, brilliantred, mmccowan, nilshomer, tfenne},
  title = {picard},
  month = may,
  year = 2014,
  url = {http://picard.sourceforge.net}
}

@ARTICLE{SAMtools,
  author = {Heng Li, Bob Handsaker, Alec Wysoker, Tim Fennell, Jue Ruan, Nils Homer, Gabor Marth, Goncalo Abecasis, Richard Durbin, and 1000 Genome Project Processing Subgroup},
  title = {The Sequence Alignment/Map format and SAMtools},
  journal = {Bioinformatics},
  volume = "25",
  issue = "16",
  pages = "2078--2079",
  year = 2009
}

@ARTICLE{GATK,
  author = {McKenna A, Hanna M, Banks E, Sivachenko A, Cibulskis K, Kernytsky A, Garimella K, Altshuler D, Gabriel S, Daly M, DePristo MA},
  title = {The Genome Analysis Toolkit: a MapReduce framework for analyzing next-generation DNA sequencing data},
  journal = {Genome Research},
  volume = "20"
  issue = "9",
  pages = "1297--1303",
  year = 2010
}

@ARTICLE{BWA,
  author = {Li H. and Durbin R.},
  title = {Fast and accurate short read alignment with Burrows-Wheeler Transform},
  journal = {Bioinformatics},
  volume = "25",
  issue = "14",
  pages = "1754--1760",
  year = 2009
}

@ARTICLE{TCGA-GBM,
  author = {The Cancer Genome Atlas Research Network},
  title = {Comprehensive genomic characterization defines human glioblastoma genes and core pathways},
  journal = {Nature},
  volume = "455",
  issue = "7216",
  pages = "1061--1068",
  year = 2008
}

@ARTICLE{SomaticSniper,
  author = {David E. Larson, Christopher C. Harris, Ken Chan, Daniel C. Koboldt, Travis E. Abbott, David J. Dooling, Timothy J. Ley, Elaine R. Mardis, Richard K. Wilson, and Li Dong},
  title = {SomaticSniper: Identification of Somatic Point Mutaitons in Whole Genome Sequencing Data},
  journal = {Bioinformatics},
  volume = "28",
  issue = "3",
  pages = "311--317",
  year = 2012
}

@ARTICLE{dbSNP,
  author = {Sherry ST, Ward MH, Kholodov M, Baker J, Phan L, Smigielski EM, Sirotkin K},
  title = {dbSNP: the NCBI database of genetic variation},
  journal = {Nucleic Acids Research},
  volume = "29",
  issue = "1",
  pages = "308--311",
  year = 2001
}